<?xml version="1.0" encoding="UTF-8"?><collection xmlns="http://www.loc.gov/MARC21/slim"><record><leader>00470nam--2200157-i-4500</leader><controlfield tag="001">000033276</controlfield><controlfield tag="002">20161230</controlfield><controlfield tag="005">20170125141338</controlfield><controlfield tag="008">060222s1000------------r-----000-0-eng-d</controlfield><datafield ind1=" " ind2=" " tag="100"><subfield code="a">Munch, Gunther Christian</subfield></datafield><datafield ind1=" " ind2=" " tag="245"><subfield code="a">Neues Und Bewahrtes Aus Der Hochvakuumtechnik. 1 Berichtigter Nachdruck</subfield></datafield><datafield ind1=" " ind2=" " tag="260"><subfield code="a">Berlin</subfield><subfield code="b">Veb Verlag Technick</subfield><subfield code="c">1961</subfield></datafield><datafield ind1=" " ind2=" " tag="300"><subfield code="a">XXII + 1000 p</subfield></datafield><datafield ind1=" " ind2=" " tag="490"><subfield code="a">Schriftenreiche Des Ii Phys.Institut</subfield></datafield><datafield ind1=" " ind2=" " tag="852"><subfield code="a">7664</subfield></datafield><datafield ind1=" " ind2=" " tag="CAT"><subfield code="a">SYS</subfield><subfield code="c">20170125</subfield><subfield code="h">141338</subfield></datafield></record></collection>